<?xml version="1.0" encoding="UTF-8"?><collection><record><leader>05068ntm a2200505 a 4500</leader><controlfield tag="001">006817953</controlfield><controlfield tag="003">MiAaHDL</controlfield><controlfield tag="005">20190719000000.0</controlfield><controlfield tag="006">m        d        </controlfield><controlfield tag="007">cr bn ---auaua</controlfield><controlfield tag="008">090612s17uu    xx            00| ||per d</controlfield><datafield tag="035" ind1=" " ind2=" "><subfield code="a">(MiU)006817953</subfield></datafield><datafield tag="035" ind1=" " ind2=" "><subfield code="a">sdr-miu006817953</subfield></datafield><datafield tag="040" ind1=" " ind2=" "><subfield code="a">MiU</subfield><subfield code="c">MiU</subfield><subfield code="e">amremm</subfield></datafield><datafield tag="043" ind1=" " ind2=" "><subfield code="a">n-us-mi</subfield></datafield><datafield tag="245" ind1="0" ind2="0"><subfield code="6">880-03</subfield><subfield code="a">Mecmua-yı gazeliyat-i nefis,</subfield><subfield code="f">[18th century?].</subfield></datafield><datafield tag="246" ind1="3" ind2=" "><subfield code="a">مجموعۀ غزیلات نفیس</subfield></datafield><datafield tag="260" ind1=" " ind2=" "><subfield code="c">[17--?].</subfield></datafield><datafield tag="300" ind1=" " ind2=" "><subfield code="a">67 leaves :</subfield><subfield code="b">paper ;</subfield><subfield code="c">213 x 120 (147 x 71) mm.</subfield></datafield><datafield tag="500" ind1=" " ind2=" "><subfield code="a">Shelfmark: Ann Arbor, University of Michigan, Special Collections Library, Isl. Ms. 348</subfield></datafield><datafield tag="500" ind1=" " ind2=" "><subfield code="a">Origin: Lacks dated colophon ; date accompanying seal impression and statement on 'title page' (p.1) provides terminus ante quem of 1790. Likely 18th or even late 17th century.</subfield></datafield><datafield tag="500" ind1=" " ind2=" "><subfield code="a">Accompanying materials: Slip with descriptive notes in hand of G. Meredith-Owens "348 An anthology of Persian poems by Tajallī and others preceded by a specimen of elegant prose. Tinted paper. Probably 18th-19th century."</subfield></datafield><datafield tag="500" ind1=" " ind2=" "><subfield code="a">Former shelfmark: "٣٥" in black ink on upper board lining ; "506 T.De M. [i.e. Tammaro De Marinis]" on front flyleaf.</subfield></datafield><datafield tag="500" ind1=" " ind2=" "><subfield code="a">Binding: Pasteboards faced in marbled paper (mainly in lavender, blue, pink, and yellow) with dark brown leather over spine and edges / turn-ins (marbled paper faced and leather edged framed binding) ; Type III binding (without flap) ; board linings in orange-tinted paper ; sewn in light red thread, two stations ; worked chevron endbands in brown [?] and pink, fair condition ; overall in fair condition with some abrasion, lifting and losses of leather, etc.</subfield></datafield><datafield tag="500" ind1=" " ind2=" "><subfield code="a">Support: non-European (likely Persian) laid paper with 8 laid lines per cm. (horizontal, curved, somewhat indistinct) and no chain lines clearly visible, cloudy formation, thin and transluscent though sturdy, well-burnished ; most leaves gold-flecked, some tinted pale yellow.</subfield></datafield><datafield tag="500" ind1=" " ind2=" "><subfield code="a">Decoration: Elegant illuminated headpiece (ʻunwān / sarlawḥ) at opening on p.2 consisting of rectangular piece with empty gold cartouche flanked by floral vegetal decoration in gold on grounds of lapis lazuli, gold, pink, and turquoise surmounted by scalloped, elongated w-shaped piece (forming complete rosette) overlaid with swirling vegetal decoration in green / turquoise with red, yellow, blue and lavender floral accents on grounds of gold, lapis, pink, and turquoise with white and red accents, all bordered in a well of orange-red with white crosses ; marginal decoration on incipit and facing page in the form of vegetal designs in gold ; written area throughout surrounded by gold frame defined by black fillets and outermost blue rule with narrow gold band defining perimeter of margin.</subfield></datafield><datafield tag="500" ind1=" " ind2=" "><subfield code="a">Script: Nastaʻlīq with some elements of shikastah ( شكسته نستعليق) ; elegant hand in a medium line ; serifless, with effect of words descending to baseline, elongation and contrasting thickness of horizontal strokes, pointing mainly in distinct (if occasionally conjoined) dots.</subfield></datafield><datafield tag="500" ind1=" " ind2=" "><subfield code="a">Layout: Initially written in 19 lines (on the diagonal) per page ; from p.41 on, divided to three columns and highly variable with as many as ten lines per column (on the diagonal).</subfield></datafield><datafield tag="500" ind1=" " ind2=" "><subfield code="a">Collation: iii, 2 IV(16), 3 (19), 2 IV(35), 2 III(47), II (51), 2 III (63), I+1 (66), 1 (67), iii ; an assortment chiefly of ternions and quaternions ; pagination in pencil, Western numerals, supplied during digitization.</subfield></datafield><datafield tag="500" ind1=" " ind2=" "><subfield code="a">Incipit: "ستایش کریم سلا که حلیه حلتش زیور یست ..."</subfield></datafield><datafield tag="500" ind1=" " ind2=" "><subfield code="a">Title from inscription on upper board lining.</subfield></datafield><datafield tag="500" ind1=" " ind2=" "><subfield code="a">Ms. codex.</subfield></datafield><datafield tag="520" ind1="8" ind2=" "><subfield code="a">Elegant copy of an anthology of Persian verse, with poets usually identified.</subfield></datafield><datafield tag="538" ind1=" " ind2=" "><subfield code="a">Mode of access: Internet.</subfield></datafield><datafield tag="541" ind1=" " ind2=" "><subfield code="c">Purchase ;</subfield><subfield code="a">Acquired by purchase (funds donated by Horace Rackham).</subfield><subfield code="d">1924.</subfield></datafield><datafield tag="546" ind1=" " ind2=" "><subfield code="a">Persian.</subfield></datafield><datafield tag="561" ind1=" " ind2=" "><subfield code="a">Former owners' marks on 'title page' (p.1) include ownership statement in name of Mehmet Hurrî ( محمد حرى / Muḥammad Ḥurrī ) and statement in name of Mehmet Hafid İbn Aşir ( محمد حفيد ابن عاشر ), reads "هو الله المالك الغافر عند عبده محمد حفيد ابن عاشر" along with his circular seal impression (inscription reads "راجى احسان محمد حفيد") and date 1204 [1789 or 90] ; fairly clean copy.</subfield></datafield><datafield tag="650" ind1=" " ind2="0"><subfield code="a">Manuscripts, Persian</subfield><subfield code="z">Michigan</subfield><subfield code="z">Ann Arbor.</subfield></datafield><datafield tag="650" ind1=" " ind2="0"><subfield code="a">Persian poetry.</subfield></datafield><datafield tag="655" ind1=" " ind2="7"><subfield code="a">Headpieces (layout features)</subfield><subfield code="y">18th century.</subfield><subfield code="2">aat</subfield></datafield><datafield tag="700" ind1="0" ind2=" "><subfield code="a">Abdülhamid</subfield><subfield code="b">II,</subfield><subfield code="c">Sultan of the Turks,</subfield><subfield code="d">1842-1918,</subfield><subfield code="e">former owner.</subfield></datafield><datafield tag="700" ind1="0" ind2=" "><subfield code="6">880-05</subfield><subfield code="a">Mehmet Hafid İbn Aşir,</subfield><subfield code="d">fl. 1789,</subfield><subfield code="e">former owner.</subfield></datafield><datafield tag="773" ind1="0" ind2=" "><subfield code="a">Abdul Hamid Collection.</subfield></datafield><datafield tag="880" ind1="0" ind2=" "><subfield code="6">700-05/</subfield><subfield code="a">محمد حفيد ابن عاشر،</subfield><subfield code="e">مالك سابق.</subfield></datafield><datafield tag="880" ind1="0" ind2="0"><subfield code="6">245-03/</subfield><subfield code="a">مجموعۀ غزليات نفيس,</subfield><subfield code="f">[قرن 18م؟].</subfield></datafield><datafield tag="CID" ind1=" " ind2=" "><subfield code="a">006817953</subfield></datafield><datafield tag="DAT" ind1="0" ind2=" "><subfield code="a">20190719102639.0</subfield><subfield code="b">20190719000000.0</subfield></datafield><datafield tag="DAT" ind1="1" ind2=" "><subfield code="a">20190719090653.0</subfield><subfield code="b">2019-07-19T16:11:53Z</subfield></datafield><datafield tag="DAT" ind1="2" ind2=" "><subfield code="a">2015-10-02T18:00:03Z</subfield></datafield><datafield tag="CAT" ind1=" " ind2=" "><subfield code="a">SDR-MIU</subfield><subfield code="d">EX LIBRIS - ALEPH</subfield><subfield code="l">prepare.pl-004-008</subfield></datafield><datafield tag="FMT" ind1=" " ind2=" "><subfield code="a">BK</subfield></datafield><datafield tag="HOL" ind1=" " ind2=" "><subfield code="0">sdr-miu006817953</subfield><subfield code="a">MiU</subfield><subfield code="b">SDR</subfield><subfield code="c">MIU</subfield><subfield code="p">mdp.39015079129733</subfield><subfield code="s">MIU</subfield><subfield code="1">006817953</subfield></datafield><datafield tag="974" ind1=" " ind2=" "><subfield code="b">MIU</subfield><subfield code="c">MIU</subfield><subfield code="d">20190719</subfield><subfield code="s">lit-dlps-dc</subfield><subfield code="u">mdp.39015079129733</subfield><subfield code="y">1799</subfield><subfield code="r">pd</subfield><subfield code="q">bib</subfield><subfield code="t">non-US bib date1 &lt; 1896</subfield></datafield></record></collection>